@ARTICLE{GLL,
	title = {Generic link layer functionality for multiradio access networks.},
	author = {Konstantinos Dimou, Ramon Ag√ºero, Marcin Bortnik, Reza Karimi, Georgios P. Koudouridis,Stephen Kaminski, Horst Lederer, Joachim Sachs},
	year = {2005}
}

@article{HBA,
title = "Bandwidth aggregation in heterogeneous wireless networks: A survey of current approaches and issues ",
journal = "Journal of Network and Computer Applications ",
volume = "35",
number = "6",
pages = "1674 - 1690",
year = "2012",
note = "",
issn = "1084-8045",
doi = "http://dx.doi.org/10.1016/j.jnca.2012.05.015",
url = "http://www.sciencedirect.com/science/article/pii/S1084804512001452",
author = "Allen L. Ramaboli and Olabisi E. Falowo and Anthony H. Chan",
keywords = "Bandwidth aggregation",
keywords = "Reordering",
keywords = "Reorder buffer",
keywords = "Heterogeneous wireless networks "
}

